@article{PhysRev.65.117,
  title = {Crystal Statistics. I. A Two-Dimensional Model with an Order-Disorder Transition},
  author = {Onsager, Lars},
  journal = {Phys. Rev.},
  volume = {65},
  issue = {3-4},
  pages = {117--149},
  numpages = {0},
  year = {1944},
  month = {Feb},
  publisher = {American Physical Society},
  doi = {10.1103/PhysRev.65.117},
  url = {https://link.aps.org/doi/10.1103/PhysRev.65.117}
}

@misc{Morten15,
  author        = {Morten Hjorth-Jensen},
  title         = {Computational Physics},
  month         = {August},
  year          = {2015},
  publisher={Department of Physics, University of Oslo}
}

@article{Robert_2011,
    doi = {10.1214/10-sts351},
    url = {https://doi.org/10.1214%2F10-sts351},
    year = 2011,
    month = {feb},
    publisher = {Institute of Mathematical Statistics},
    volume = {26},
    number = {1},
    author = {Christian Robert and George Casella},
    title = {A Short History of Markov Chain Monte Carlo: Subjective Recollections from Incomplete Data},
    journal = {Statistical Science}
}
